@article{Datseris2018,
	doi = {10.21105/joss.00598},
	url = {https://doi.org/10.21105/joss.00598},
	year  = {2018},
	month = {mar},
	volume = {3},
	number = {23},
	pages = {598},
	author = {George Datseris},
	title = {DynamicalSystems.jl: A Julia software library for chaos and nonlinear dynamics},
	journal = {Journal of Open Source Software}
}
@article{Baker1998,
	title = {Intermittent Synchronization in a Pair of Coupled Chaotic Pendula},
	author = {Baker, Gregory L. and Blackburn, James A. and Smith, H. J. T.},
	journal = {Phys. Rev. Lett.},
	volume = {81},
	issue = {3},
	pages = {554--557},
	numpages = {0},
	year = {1998},
	month = {Jul},
	publisher = {American Physical Society},
	doi = {10.1103/PhysRevLett.81.554},
	url = {https://link.aps.org/doi/10.1103/PhysRevLett.81.554}
}

@article{Winful1990,
	title = {Synchronized chaos and spatiotemporal chaos in arrays of coupled lasers},
	author = {Winful, Herbert G. and Rahman, Lutfur},
	journal = {Phys. Rev. Lett.},
	volume = {65},
	issue = {13},
	pages = {1575--1578},
	numpages = {0},
	year = {1990},
	month = {Sep},
	publisher = {American Physical Society},
	doi = {10.1103/PhysRevLett.65.1575},
	url = {https://link.aps.org/doi/10.1103/PhysRevLett.65.1575}
}

